@misc{tensorflow2015-whitepaper,
title={ {TensorFlow}: Large-Scale Machine Learning on Heterogeneous Systems},
url={http://tensorflow.org/},
note={Software available from tensorflow.org},
author={
    Mart\'{\i}n~Abadi and
    Ashish~Agarwal and
    Paul~Barham and
    Eugene~Brevdo and
    Zhifeng~Chen and
    Craig~Citro and
    Greg~S.~Corrado and
    Andy~Davis and
    Jeffrey~Dean and
    Matthieu~Devin and
    Sanjay~Ghemawat and
    Ian~Goodfellow and
    Andrew~Harp and
    Geoffrey~Irving and
    Michael~Isard and
    Yangqing Jia and
    Rafal~Jozefowicz and
    Lukasz~Kaiser and
    Manjunath~Kudlur and
    Josh~Levenberg and
    Dan~Man\'{e} and
    Rajat~Monga and
    Sherry~Moore and
    Derek~Murray and
    Chris~Olah and
    Mike~Schuster and
    Jonathon~Shlens and
    Benoit~Steiner and
    Ilya~Sutskever and
    Kunal~Talwar and
    Paul~Tucker and
    Vincent~Vanhoucke and
    Vijay~Vasudevan and
    Fernanda~Vi\'{e}gas and
    Oriol~Vinyals and
    Pete~Warden and
    Martin~Wattenberg and
    Martin~Wicke and
    Yuan~Yu and
    Xiaoqiang~Zheng},
  year={2015},
},
@article{scikit-learn,
 title={Scikit-learn: Machine Learning in {P}ython},
 author={Pedregosa, F. and Varoquaux, G. and Gramfort, A. and Michel, V.
         and Thirion, B. and Grisel, O. and Blondel, M. and Prettenhofer, P.
         and Weiss, R. and Dubourg, V. and Vanderplas, J. and Passos, A. and
         Cournapeau, D. and Brucher, M. and Perrot, M. and Duchesnay, E.},
 journal={Journal of Machine Learning Research},
 volume={12},
 pages={2825--2830},
 year={2011}
},
@INPROCEEDINGS{Denker91transformingneural-net,
author = {John Denker and Yann Lecun},
title = {Transforming Neural-Net Output Levels to Probability Distributions},
booktitle = {Advances in Neural Information Processing Systems 3},
year = {1991},
pages = {853--859},
publisher = {Morgan Kaufmann}
},
@inproceedings{Mikolov:2013:DRW:2999792.2999959,
 author = {Mikolov, Tomas and Sutskever, Ilya and Chen, Kai and Corrado, Greg and Dean, Jeffrey},
 title = {Distributed Representations of Words and Phrases and Their Compositionality},
 booktitle = {Proceedings of the 26th International Conference on Neural Information Processing Systems},
 series = {NIPS'13},
 year = {2013},
 location = {Lake Tahoe, Nevada},
 pages = {3111--3119},
 numpages = {9},
 url = {http://dl.acm.org/citation.cfm?id=2999792.2999959},
 acmid = {2999959},
 publisher = {Curran Associates Inc.},
 address = {USA},
},
@article{Williams:1996:UNN:1362161.1362171,
 author = {Williams, Peter M.},
 title = {Using Neural Networks to Model Conditional Multivariate Densities},
 journal = {Neural Comput.},
 issue_date = {May 15, 1996},
 volume = {8},
 number = {4},
 month = may,
 year = {1996},
 issn = {0899-7667},
 pages = {843--854},
 numpages = {12},
 url = {http://dx.doi.org/10.1162/neco.1996.8.4.843},
 doi = {10.1162/neco.1996.8.4.843},
 acmid = {1362171},
 publisher = {MIT Press},
 address = {Cambridge, MA, USA},
},
@unpublished{Goodfellow-et-al-2016-Book,
    title={Deep Learning},
    author={Ian Goodfellow and Yoshua Bengio and Aaron Courville},
    note={Book in preparation for MIT Press},
    url={http://www.deeplearningbook.org},
    year={2016}
},
@conference{MITSloanSportsPitch,
    author    = "Gartheeban Ganeshapillai and John Guttag",
    title     = "Predicting the Next Pitch",
    year      = "2012",
    url       = {http://www.sloansportsconference.com/content/predicting-the-next-pitch/}
}

@inproceedings{hamilton2014applying,
  title={Applying machine learning techniques to baseball pitch prediction},
  author={Hamilton, Michael and Hoang, Phuong and Layne, Lori and Murray, Joseph and Padget, David and Stafford, Corey and Tran, Hien},
  booktitle={Proceedings of the 3rd International Conference on Pattern Recognition Applications and Methods},
  pages={520--527},
  year={2014},
  organization={SCITEPRESS-Science and Technology Publications, Lda}
}

@inproceedings{ganeshapillai2012predicting,
  title={Predicting the next pitch},
  author={Ganeshapillai, Gartheeban and Guttag, John},
  booktitle={Sloan Sports Analytics Conference},
  year={2012}
}

@article{lin2007note,
  title={A note on Plattâ€™s probabilistic outputs for support vector machines},
  author={Lin, Hsuan-Tien and Lin, Chih-Jen and Weng, Ruby C},
  journal={Machine learning},
  volume={68},
  number={3},
  pages={267--276},
  year={2007},
  publisher={Springer}
}

@article{wu2004probability,
  title={Probability estimates for multi-class classification by pairwise coupling},
  author={Wu, Ting-Fan and Lin, Chih-Jen and Weng, Ruby C},
  journal={Journal of Machine Learning Research},
  volume={5},
  number={Aug},
  pages={975--1005},
  year={2004}
}